@article{ALICE,
      author         = "Aamodt, K. and others",
      title          = "{The ALICE experiment at the CERN LHC}",
      collaboration  = "ALICE",
      journal        = "JINST",
      volume         = "3",
      year           = "2008",
      pages          = "S08002",
      doi            = "10.1088/1748-0221/3/08/S08002",
      note = {\href{http://iopscience.iop.org/article/10.1088/1748-0221/3/08/S08002/meta}{doi:10.1088/1748-0221/3/08/S08002}},
      SLACcitation   = "%%CITATION = JINST,3,S08002;%%"
}
@article{HLT,
      author         = "Adam, W. and others",
      title          = "{The CMS high level trigger}",
      collaboration  = "CMS Trigger and Data Acquisition Group",
      journal        = "Eur. Phys. J.",
      volume         = "C46",
      year           = "2006",
      pages          = "605-667",
      doi            = "10.1140/epjc/s2006-02495-8",
      note          = {\href{https://doi.org/10.1140/epjc/s2006-02495-8}{doi:10.1140/epjc/s2006-02495-8}},
      eprint         = "hep-ex/0512077",
      archivePrefix  = "arXiv",
      primaryClass   = "hep-ex",
      SLACcitation   = "%%CITATION = HEP-EX/0512077;%%"
}
@article{MSSM,
      author         = "Aitchison, Ian J. R.",
      title          = "{Supersymmetry and the MSSM: An Elementary introduction}",
      year           = "2005",
      eprint         = "hep-ph/0505105",
      archivePrefix  = "arXiv",
      primaryClass   = "hep-ph",
      note           =  {\href{https://arxiv.org/abs/hep-ph/0505105}{arxiv:hep-ph/0505105}},
      SLACcitation   = "%%CITATION = HEP-PH/0505105;%%"
}
@article{ATLAS,
      author         = {{ATLAS Collaboration}},
      title          = "{The ATLAS Experiment at the CERN Large Hadron Collider}",
      collaboration  = "ATLAS",
      journal        = "JINST",
      volume         = "3",
      year           = "2008",
      pages          = "S08003",
      doi            = "10.1088/1748-0221/3/08/S08003",
      note = {\href{http://iopscience.iop.org/article/10.1088/1748-0221/3/08/S08003/meta}{doi:10.1088/1748-0221/3/08/S08003}},
      SLACcitation   = "%%CITATION = JINST,3,S08003;%%"
}
 @manual{PFref,
      title  = {\href{https://arxiv.org/pdf/1401.8155.pdf}{The CMS Particle Flow Algorithm}},
      author = {Florian Beaudette},
      year   = {2013}
    }
 @article{VPT,
      author         = "Bell, Kenneth Watson and others",
      title          = "{Vacuum phototriodes for the CMS electromagnetic
                        calorimeter endcap}",
      booktitle      = "{Real-time. Proceedings, 13th Conference on Computing
                        Applications in Nuclear and Plasma Sciences, RT2003,
                        Montreal, Canada, May 18-23, 2003}",
      journal        = "IEEE Trans. Nucl. Sci.",
      volume         = "51",
      year           = "2004",
      pages          = "2284-2287",
      doi            = "10.1109/TNS.2004.836053",
      note          = {\href{http://ieeexplore.ieee.org/document/1344324/}{doi:10.1109/TNS.2004.836053}},
      SLACcitation   = "%%CITATION = IETNA,51,2284;%%"
}
@misc{egamma,
  Author = {Berryhill, Jeffrey},
  Institution = {FNAL},
  Howpublished = {The Egamma Physics Object Group},
  url  = {https://indico.cern.ch/event/46651/contribution/19/attachments/950877/1349268/berryhill_ele_090113.ppt},
  note = {\href{https://indico.cern.ch/event/46651/contribution/19/attachments/950877/1349268/berryhill_ele_090113.ppt}{ppt}},
  Year = {2009},
  Title = {{Electron Detection at CMS}}
}
@article{MIPs,
      author         = "Bichsel, H. and Groom, Donald E. and Klein, S. R.",
      title          = "{Passage of particles through matter}",
      year           = "2004",
      SLACcitation   = "%%CITATION = INSPIRE-659863;%%"
}
@article{NLONLL,
      author         = "Borschensky, Christoph and Kramer, Michael and Kulesza,
                        Anna and Mangano, Michelangelo and Padhi, Sanjay and
                        Plehn, Tilman and Portell, Xavier",
      title          = "{Squark and gluino production cross sections in pp
                        collisions at $\sqrt{s}$ = 13, 14, 33 and 100 TeV}",
      journal        = "Eur. Phys. J.",
      volume         = "C74",
      year           = "2014",
      number         = "12",
      pages          = "3174",
      doi            = "10.1140/epjc/s10052-014-3174-y",
      note          = {\href{https://doi.org/10.1140/epjc/s10052-014-3174-y}{doi:10.1140/epjc/s10052-014-3174-y}},
      eprint         = "1407.5066",
      archivePrefix  = "arXiv",
      primaryClass   = "hep-ph",
      reportNumber   = "MS-TP-14-25, CERN-PH-TH-2014-137, TTK-14-13",
      SLACcitation   = "%%CITATION = ARXIV:1407.5066;%%"
}
@article{RandForest1,
      author         = "Breiman, Leo",
      title          = "{Random Forests}",
      journal        = "Machine Learning",
      volume         = "45",
      year           = "2001",
      number         = "1",
      pages          = "5-32",
      doi            = "10.1023/A:1010933404324",
      note          = {\href{https://doi.org/10.1023/A:1010933404324}{doi:10.1023/A:1010933404324}},
      SLACcitation   = "%%CITATION = MALEE,45,5;%%"
}
  @article{ROOT,
      author         = "Brun, R. and Rademakers, F.",
      title          = "{ROOT: An object oriented data analysis framework}",
      booktitle      = "{New computing techniques in physics research V.
                        Proceedings, 5th International Workshop, AIHENP '96,
                        Lausanne, Switzerland, September 2-6, 1996}",
      journal        = "Nucl. Instrum. Meth.",
      volume         = "A389",
      year           = "1997",
      pages          = "81-86",
      doi            = "10.1016/S0168-9002(97)00048-X",
      note          = {\href{http://dx.doi.org/10.1016/S0168-9002(97)00048-X}{doi:10.1016/S0168-9002(97)00048-X}},
      SLACcitation   = "%%CITATION = NUIMA,A389,81;%%"
}
@book{SM1,
      author         = "Burgess, C. P. and Moore, G. D.",
      title          = "{The standard model: A primer}",
      publisher      = "Cambridge University Press",
      year           = "2006",
      ISBN           = "9780511254857, 9781107404267, 9780521860369",
      SLACcitation   = "%%CITATION = INSPIRE-744403;%%"
}
@article{AntiKt,
      author         = "Cacciari, Matteo and Salam, Gavin P. and Soyez, Gregory",
      title          = "{The Anti-k(t) jet clustering algorithm}",
      journal        = "JHEP",
      volume         = "04",
      year           = "2008",
      pages          = "063",
      doi            = "10.1088/1126-6708/2008/04/063",
      note          = {\href{https://doi.org/10.1088/1126-6708/2008/04/063}{doi:10.1088/1126-6708/2008/04/063}},
      eprint         = "0802.1189",
      archivePrefix  = "arXiv",
      primaryClass   = "hep-ph",
      reportNumber   = "LPTHE-07-03",
      SLACcitation   = "%%CITATION = ARXIV:0802.1189;%%"
}
@article{Higgs1,
      author         = "Carena, Marcela and Haber, Howard E.",
      title          = "{Higgs boson theory and phenomenology}",
      journal        = "Prog. Part. Nucl. Phys.",
      volume         = "50",
      year           = "2003",
      pages          = "63-152",
      doi            = "10.1016/S0146-6410(02)00177-1",
      note          = {\href{https://doi.org/10.1016/S0146-6410(02)00177-1}{doi:10.1016/S0146-6410(02)00177-1}},
      eprint         = "hep-ph/0208209",
      archivePrefix  = "arXiv",
      primaryClass   = "hep-ph",
      reportNumber   = "FERMILAB-PUB-02-114-T, SCIPP-02-07",
      SLACcitation   = "%%CITATION = HEP-PH/0208209;%%"
}
@article{ZtoGamma,
      author         = "CMS Collaboration",
      title          = "{Measurement of the Z/gamma*+jets/photon+jets cross
                        section ratio in pp collisions at sqrt(s)=8 TeV}",
      collaboration  = "CMS",
      year           = "2014",
      reportNumber   = "CMS-PAS-SMP-14-005",
      note           =  {\href{http://inspirehep.net/search?ln=en&cc=Experiments&p=119__a\%3ACERN-LHC-CMS&of=hd}{CMS-PAS-SMP-14-005}},
      SLACcitation   = "%%CITATION = CMS-PAS-SMP-14-005;%%"
}
@article{ZInv,
      title          = "{Data-Driven Estimation of the Invisible Z Background to
                        the SUSY MET Plus Jets Search}",
      collaboration  = "CMS",
      year           = "2009",
      reportNumber   = "CMS-PAS-SUS-08-002",
      note            = {\href{http://inspirehep.net/record/925388?ln=en}{CMS-PAS-SUS-08-002}},
      SLACcitation   = "%%CITATION = CMS-PAS-SUS-08-002;%%"
}
@article{OtherAna1,
       author     = {{CMS Collaboration}},
      title          = "{Search for supersymmetry in the multijet and missing
                        transverse momentum final state in pp collisions at 13
                        TeV}",
      collaboration  = "CMS",
      journal        = "Phys. Lett.",
      volume         = "B758",
      year           = "2016",
      pages          = "152-180",
      doi            = "10.1016/j.physletb.2016.05.002",
      note         = {\href{https://doi.org/10.1016/j.physletb.2016.05.002}{doi:10.1016/j.physletb.2016.05.002}},
      eprint         = "1602.06581",
      archivePrefix  = "arXiv",
      primaryClass   = "hep-ex",
      reportNumber   = "CMS-SUS-15-002, CERN-EP-2016-036",
      SLACcitation   = "%%CITATION = ARXIV:1602.06581;%%"
}
@article{OtherAna2,
      author     = {{CMS Collaboration}},
      title          = "{Search for supersymmetry in multijet events with missing
                        transverse momentum in proton-proton collisions at
                        13 TeV}",
      collaboration  = "CMS",
      journal        = "Phys. Rev.",
      volume         = "D96",
      year           = "2017",
      number         = "3",
      pages          = "032003",
      doi            = "10.1103/PhysRevD.96.032003",
      note         = {\href{https://doi.org/10.1103/PhysRevD.96.032003}{doi:10.1103/PhysRevD.96.032003}},
      eprint         = "1704.07781",
      archivePrefix  = "arXiv",
      primaryClass   = "hep-ex",
      reportNumber   = "CMS-SUS-16-033, CERN-EP-2017-072",
      SLACcitation   = "%%CITATION = ARXIV:1704.07781;%%"
}
@article{Zgamma,
      author     = {{CMS Collaboration}},
      title          = "{Comparison of the Z/$\gamma$$^{\ast}$ + jets to $\gamma$
                        + jets cross sections in pp collisions at $ \sqrt{s}=8 $
                        TeV}",
      collaboration  = "CMS",
      journal        = "JHEP",
      volume         = "10",
      year           = "2015",
      pages          = "128",
      doi            = "10.1007/JHEP04(2016)010, 10.1007/JHEP10(2015)128",
      note           = "[Erratum: JHEP04,010(2016)], {\href{https://doi.org/10.1007/JHEP04(2016)010}{doi:10.1007/JHEP04(2016)010}}, {\href{10.1007/JHEP10(2015)128}{doi:10.1007/JHEP10(2015)128}}",
      eprint         = "1505.06520",
      archivePrefix  = "arXiv",
      primaryClass   = "hep-ex",
      reportNumber   = "CMS-SMP-14-005, CERN-PH-EP-2015-089",
      SLACcitation   = "%%CITATION = ARXIV:1505.06520;%%"
}
@article{ZnunuEstimation,
	author     = {{CMS Collaboration}},
      title          = "{Data-Driven Estimation of the Invisible Z Background to
                        the SUSY MET Plus Jets Search}",
      collaboration  = "CMS",
      year           = "2009",
      reportNumber   = "CMS-PAS-SUS-08-002",
      note =              {\href{http://inspirehep.net/record/925388?ln=en}{CMS-PAS-SUS-08-002}},
      SLACcitation   = "%%CITATION = CMS-PAS-SUS-08-002;%%"
}
@techreport{Lumi,
      title         = "{CMS Luminosity Measurements for the 2016 Data Taking
                       Period}",
      institution   = "CERN",
      author     = {{CMS Collaboration}},
      collaboration = "CMS Collaboration",
      address       = "Geneva",
      number        = "CMS-PAS-LUM-17-001",
      year          = "2017",
      reportNumber  = "CMS-PAS-LUM-17-001",
      note          = {\href{https://cds.cern.ch/record/2257069}{CMS-PAS-LUM-17-001}},
      url           = "https://cds.cern.ch/record/2257069",
}
@article{JetAlg1,
      author     = {{CMS Collaboration}},
      title          = "{A Cambridge-Aachen (C-A) based Jet Algorithm for boosted
                        top-jet tagging}",
      collaboration  = "CMS",
      year           = "2009",
      reportNumber   = "CMS-PAS-JME-09-001",
      SLACcitation   = "%%CITATION = CMS-PAS-JME-09-001;%%"
}
@article{CMShcal,
      author         = {{CMS Collaboration}},
      title          = "{Performance of the CMS Hadron Calorimeter with Cosmic
                        Ray Muons and LHC Beam Data}",
      collaboration  = "CMS",
      journal        = "JINST",
      volume         = "5",
      year           = "2010",
      pages          = "T03012",
      doi            = "10.1088/1748-0221/5/03/T03012",
      note          = {\href{http://iopscience.iop.org/article/10.1088/1748-0221/5/03/T03012/meta}{doi:10.1088/1748-0221/5/03/T03012}},
      eprint         = "0911.4991",
      archivePrefix  = "arXiv",
      primaryClass   = "physics.ins-det",
      reportNumber   = "CMS-CFT-09-009",
      SLACcitation   = "%%CITATION = ARXIV:0911.4991;%%"
}
  @article{CMScomp1,
      author     = {{CMS Collaboration}},
      title          = "{CMS: The computing project. Technical design report}",
      collaboration  = "CMS",
      note      = {Technical Design Report CERN-LHCC-2005-023, CERN (2005)},
      reportNumber   = "CERN-LHCC-2005-023",
      SLACcitation   = "%%CITATION = CERN-LHCC-2005-023;%%"
}
 @article{Higgs,
      author         = {{CMS Collaboration}},
      title          = "{Observation of a new boson at a mass of 125 GeV with the
                        CMS experiment at the LHC}",
      collaboration  = "CMS",
      journal        = "Phys. Lett.",
      volume         = "B716",
      year           = "2012",
      pages          = "30-61",
      doi            = "10.1016/j.physletb.2012.08.021",
      note = {\href{https://arxiv.org/abs/1207.7235}{doi:10.1016/j.physletb.2012.08.021}},
      eprint         = "1207.7235",
      archivePrefix  = "arXiv",
      primaryClass   = "hep-ex",
      reportNumber   = "CMS-HIG-12-028, CERN-PH-EP-2012-220",
      SLACcitation   = "%%CITATION = ARXIV:1207.7235;%%"
}
@article{SUSYanalysis,
   title = {Search for supersymmetry in proton-proton collisions at 13 TeV using identified top quarks},  author =  {{CMS Collaboration}},
  collaboration = {CMS Collaboration},
  journal = {Phys. Rev. D},
  journal = {Phys. Rev. D},
  volume = {97},
  issue = {1},
  pages = {012007},
  numpages = {29},
  year = {2018},
  month = {Jan},
  publisher = {American Physical Society},
  doi = {10.1103/PhysRevD.97.012007},
  url = {https://link.aps.org/doi/10.1103/PhysRevD.97.012007},
  note = {\href{https://link.aps.org/doi/10.1103/PhysRevD.97.012007}{doi:10.1103/PhysRevD.97.012007}}
}
@article{SUSYRA2b,
archivePrefix = {arXiv},
arxivId = {1602.06581},
author = {{CMS Collaboration}},
doi = {10.1016/j.physletb.2016.05.002},
note = {\href{https://www.sciencedirect.com/science/article/pii/S0370269316301496}{doi: 10.1016/j.physletb.2016.05.002}},
eprint = {1602.06581},
file = {:Users/andres/Downloads/1710.11188.pdf:pdf},
issn = {0370-2693},
journal = {Phys. Rev. D},
number = {012007},
title = {{Search for supersymmetry in the multijet and missing transverse momentum final state in pp collisions at 13 TeV}},
url = {http://arxiv.org/abs/1602.06581{\%}0Ahttp://dx.doi.org/10.1016/j.physletb.2016.05.002},
volume = {97},
year = {2018}
}
@article{CMSdet1,
      author         = {{CMS Collaboration}},
      title          = "{The CMS Experiment at the CERN LHC}",
      collaboration  = "CMS",
      journal        = "JINST",
      volume         = "3",
      year           = "2008",
      pages          = "S08004",
      doi            = "10.1088/1748-0221/3/08/S08004",
      note = {\href{http://iopscience.iop.org/article/10.1088/1748-0221/3/08/S08004/meta}{doi:10.1088/1748-0221/3/08/S08004}},
      SLACcitation   = "%%CITATION = JINST,3,S08004;%%"
}
@article{CMSLHC,
      author         = {{CMS Collaboration}},
      title          = "{CMS Physics Technical Design Report Volume 1: Detector Performance and Software}",
      collaboration  = "CMS",
      note       = "Technical Design Report CERN-LHCC-2006-001, CERN (2006)",
      reportNumber   = "CERN-LHCC-2006-001",
      SLACcitation   = "%%CITATION = CERN-LHCC-2006-001;%%"
}
@article{stat1,
      author         = "Cowan, Glen and Cranmer, Kyle and Gross, Eilam and
                        Vitells, Ofer",
      title          = "{Asymptotic formulae for likelihood-based tests of new
                        physics}",
      journal        = "Eur. Phys. J.",
      volume         = "C71",
      year           = "2011",
      pages          = "1554",
      doi            = "10.1140/epjc/s10052-011-1554-0,
                        10.1140/epjc/s10052-013-2501-z",
      note           = "[Erratum: Eur. Phys. J.C73,2501(2013)], \href{https://doi.org/10.1140/epjc/s10052-013-2501-z}{doi:10.1140/epjc/s10052-013-2501-z}",
      eprint         = "1007.1727",
      archivePrefix  = "arXiv",
      primaryClass   = "physics.data-an",
      SLACcitation   = "%%CITATION = ARXIV:1007.1727;%%"
}
@article{MSSM2,
      author         = "Csaki, Csaba",
      title          = "{The Minimal supersymmetric standard model (MSSM)}",
      journal        = "Mod. Phys. Lett.",
      volume         = "A11",
      year           = "1996",
      pages          = "599",
      doi            = "10.1142/S021773239600062X",
      note          = {\href{https://doi.org/10.1142/S021773239600062X}{doi:10.1142/S021773239600062X}},
      eprint         = "hep-ph/9606414",
      archivePrefix  = "arXiv",
      primaryClass   = "hep-ph",
      reportNumber   = "MIT-CTP-2542",
      SLACcitation   = "%%CITATION = HEP-PH/9606414;%%"
}
@INBOOK{SPS,
   author = {{Doble}, N. and {Gatignon}, L. and {H{\"u}bner}, K. and {Wilson}, E.
	},
    title = "{The Super Proton Synchrotron (SPS): A Tale of Two Lives}",
booktitle = {Technology Meets Research: 60 Years of CERN Technology: Selected Highlights},
     year = 2017,
   editor = {{Sutton}, C. and {et al.}},
publisher = {World Scientific Publishing Co},
    pages = {135-177},
      doi = {10.1142/9789814749145_0005},
   adsurl = {http://adsabs.harvard.edu/abs/2017cern.book..135D},
  adsnote = {Provided by the SAO/NASA Astrophysics Data System}
}
@article{LHC,
      author         = "Evans, Lyndon and Bryant, Philip",
      title          = "{LHC Machine}",
      journal        = "JINST",
      volume         = "3",
      year           = "2008",
      pages          = "S08001",
      doi            = "10.1088/1748-0221/3/08/S08001",
      note          = {\href{http://iopscience.iop.org/article/10.1088/1748-0221/3/08/S08001/meta}{doi:10.1088/1748-0221/3/08/S08001}},
      SLACcitation   = "%%CITATION = JINST,3,S08001;%%"
}
@inproceedings{Higgs2,
      author         = "Flechl, Martin",
      title          = "{Higgs boson discovery and recent results}",
      booktitle      = "{22th International Workshop on High Energy Physics and
                        Quantum Field Theory (QFTHEP 2015) Samara, Russia, June
                        24-July 1, 2015}",
      collaboration  = "CMS",
      url            = "http://inspirehep.net/record/1396561/files/arXiv:1510.01924.pdf",
      note         = {\href{http://inspirehep.net/record/1396561/files/arXiv:1510.01924.pdf}{arXiv:1510.01924}},
      year           = "2015",
      eprint         = "1510.01924",
      archivePrefix  = "arXiv",
      primaryClass   = "hep-ex",
      reportNumber   = "CMS-CR-2015-193",
      SLACcitation   = "%%CITATION = ARXIV:1510.01924;%%"
}
@misc{muonID,
  title = {{Baseline muon selections for Run-II}},
  author = {Folgueras, Santiago},
  howpublished = {\url{https://twiki.cern.ch/twiki/bin/view/CMS/SWGuideMuonIdRun2}},
  note = {Accessed: 2018-05-13}
}
@article{DM,
      author         = "Garrett, Katherine and Duda, Gintaras",
      title          = "{Dark Matter: A Primer}",
      journal        = "Adv. Astron.",
      volume         = "2011",
      year           = "2011",
      pages          = "968283",
      doi            = "10.1155/2011/968283",
      note         ={\href{http://dx.doi.org/10.1155/2011/968283}{doi:10.1155/2011/968283}},
      eprint         = "1006.2483",
      archivePrefix  = "arXiv",
      primaryClass   = "hep-ph",
      SLACcitation   = "%%CITATION = ARXIV:1006.2483;%%"
}
@inproceedings{SMS,
      author         = "Haber, Howard E. and Stephenson Haskins, Laurel",
      title          = "{Supersymmetric Theory and Models}",
      booktitle      = "{Theoretical Advanced Study Institute in Elementary
                        Particle Physics: Anticipating the Next Discoveries in
                        Particle Physics (TASI 2016) Boulder, CO, USA, June 6-July
                        1, 2016}",
      url            = "http://inspirehep.net/record/1643850/files/arXiv:1712.05926.pdf",
      year           = "2017",
      eprint         = "1712.05926",
      archivePrefix  = "arXiv",
      primaryClass   = "hep-ph",
      reportNumber   = "SCIPP-17-11",
      note           =     {\href{http://arxiv.org/abs/arXiv:1712.05926}{arXiv:1712.05926}},
      SLACcitation   = "%%CITATION = ARXIV:1712.05926;%%"
}

@article{EWT,
      author = "Hollik, Wolfgang",
      title     = {{Electroweak Theory}},
      journal = {Journal of Physics: Conference Series 53},
      year    = {2006},
      note    = {\href{http://iopscience.iop.org/article/10.1088/1742-6596/53/1/002}{doi:10.1088/1742-6596/53/1/002}},
}
@article{WIMP,
      author         = "Jungman, Gerard and Kamionkowski, Marc and Griest, Kim",
      title          = "{Supersymmetric dark matter}",
      journal        = "Phys. Rept.",
      volume         = "267",
      year           = "1996",
      pages          = "195-373",
      doi            = "10.1016/0370-1573(95)00058-5",
      note          = {\href{https://doi.org/10.1016/0370-1573(95)00058-5}{doi:10.1016/0370-1573(95)00058-5}},
      eprint         = "hep-ph/9506380",
      archivePrefix  = "arXiv",
      primaryClass   = "hep-ph",
      reportNumber   = "SU-4240-605, UCSD-PTH-95-02, IASSNS-HEP-95-14, CU-TP-677",
      SLACcitation   = "%%CITATION = HEP-PH/9506380;%%"
}
@article{CL1,
      author         = "Junk, Thomas",
      title          = "{Confidence level computation for combining searches with
                        small statistics}",
      journal        = "Nucl. Instrum. Meth.",
      volume         = "A434",
      year           = "1999",
      pages          = "435-443",
      doi            = "10.1016/S0168-9002(99)00498-2",
      note         = {\href{https://doi.org/10.1016/S0168-9002(99)00498-2}{doi:10.1016/S0168-9002(99)00498-2}},
      eprint         = "hep-ex/9902006",
      archivePrefix  = "arXiv",
      primaryClass   = "hep-ex",
      reportNumber   = "CARLETON-OPAL-PHYS-99-01, CERN-EP-99-041",
      SLACcitation   = "%%CITATION = HEP-EX/9902006;%%"
}
@article{promptPho,
      author         = "Klasen, Michael and Klein-Bosing, Christian and
                        Poppenborg, H.",
      title          = "{Prompt photon production and photon-jet correlations at
                        the LHC}",
      journal        = "JHEP",
      volume         = "03",
      year           = "2018",
      pages          = "081",
      doi            = "10.1007/JHEP03(2018)081",
      note          = {\href{https://doi.org/10.1007/JHEP03(2018)081}{doi:10.1007/JHEP03(2018)081}},
      eprint         = "1709.04154",
      archivePrefix  = "arXiv",
      primaryClass   = "hep-ph",
      reportNumber   = "MS-TP-17-09",
      SLACcitation   = "%%CITATION = ARXIV:1709.04154;%%"
}
@phdthesis{DS,
      author         = "Landim, Ricardo C. G.",
      title          = "{Dark Sector Cosmology}",
      school         = "Sao Paulo U.",
      year           = "2017",
      url            = "http://inspirehep.net/record/1514245/files/arXiv:1702.06024.pdf",
      eprint         = "1702.06024",
      archivePrefix  = "arXiv",
      primaryClass   = "gr-qc",
      note = {\href{http://arxiv.org/abs/arXiv:1702.06024}{arXiv:1702.06024}},
      SLACcitation   = "%%CITATION = ARXIV:1702.06024;%%"
}
@article{SoftDrop,
      author         = "Larkoski, Andrew J. and Marzani, Simone and Soyez,
                        Gregory and Thaler, Jesse",
      title          = "{Soft Drop}",
      journal        = "JHEP",
      volume         = "05",
      year           = "2014",
      pages          = "146",
      doi            = "10.1007/JHEP05(2014)146",
      note          =  {\href{https://doi.org/10.1007/JHEP05(2014)146}{doi:10.1007/JHEP05(2014)146}},
      eprint         = "1402.2657",
      archivePrefix  = "arXiv",
      primaryClass   = "hep-ph",
      reportNumber   = "MIT-CTP-4531, DCPT-14-24, IPPP-14-12",
      SLACcitation   = "%%CITATION = ARXIV:1402.2657;%%"
}
@unpublished{LHCcomplex,
      author        = "Christiane Lefevre",
      title         = "{The CERN accelerator complex. Complexe des
                       accelerateurs du CERN}",
      month         = "Dec",
      year          = "2008",
      reportNumber  = "CERN-DI-0812015",
      url           = "https://cds.cern.ch/record/1260465",
      note = {Available on the \href{https://cds.cern.ch/record/1260465}{CERN document server}},
}
@article{LHCb,
      author         = {{LHCb Collaboration}},
      title          = "{The LHCb Detector at the LHC}",
      collaboration  = "LHCb",
      journal        = "JINST",
      volume         = "3",
      year           = "2008",
      pages          = "S08005",
      doi            = "10.1088/1748-0221/3/08/S08005",
      note          = {\href{http://iopscience.iop.org/article/10.1088/1748-0221/3/08/S08005/meta}{doi:10.1088/1748-0221/3/08/S08005}},
      SLACcitation   = "%%CITATION = JINST,3,S08005;%%"
}
@book{Martin2016,
archivePrefix = {arXiv},
arxivId = {arXiv:hep-ph/9709356v7},
author = {Martin, Stephen P},
eprint = {9709356v7},
file = {:Users/andres/Downloads/SUSYPrimer.pdf:pdf},
number = {January},
pages = {145},
primaryClass = {arXiv:hep-ph},
title = {{A Supersymmetry Primer}},
year = {2016}
}
@misc{photonID,
  title = {{Cut Based Photon ID for Run 2}},
  author = {Micheli, Francesco},
  howpublished = {\url{https://twiki.cern.ch/twiki/bin/viewauth/CMS/CutBasedPhotonIdentificationRun2}},
  note = {Accessed: 2018-01-27}
}
@article{Reco1,
      author         = "Nayak, Aruna Kumar",
      title          = "{Reconstruction of physics objects in the CMS detector}",
      booktitle      = "{Proceedings, 4th International Workshop on Prospects for
                        Charged Higgs Discovery at Colliders (CHARGED 2012):
                        Uppsala, Sweden, October 8-11, 2012}",
      collaboration  = "CMS",
      journal        = "PoS",
      volume         = "CHARGED2012",
      year           = "2012",
      pages          = "010",
      eprint         = "1310.7408",
      archivePrefix  = "arXiv",
      primaryClass   = "hep-ex",
      reportNumber   = "CMS-CR-2013-019",
      SLACcitation   = "%%CITATION = ARXIV:1310.7408;%%"
}
@inproceedings{CMSslice,
      author         = "Nielsen, Jason",
      title          = "{Fundamentals of LHC Experiments}",
      booktitle      = "{Proceedings, Theoretical Advanced Study Institute in
                        Elementary Particle Physics (TASI 2010). String Theory and
                        Its Applications: From meV to the Planck Scale: Boulder,
                        Colorado, USA, June 1-25, 2010}",
      url            = "http://inspirehep.net/record/913551/files/arXiv:1106.2516.pdf",
      year           = "2011",
      pages          = "127-152",
      doi            = "10.1142/9789814350525_0003",
      eprint         = "1106.2516",
      archivePrefix  = "arXiv",
      primaryClass   = "hep-ex",
      reportNumber   = "SCIPP-11-06",
      note = {\href{http://arxiv.org/abs/arXiv:1106.2516}{arXiv:1106.2516}},
      SLACcitation   = "%%CITATION = ARXIV:1106.2516;%%"
}
@article{CL2,
      author         = "Read, Alexander L.",
      title          = "{Presentation of search results: The CL(s) technique}",
      booktitle      = "{Advanced Statistical Techniques in Particle Physics.
                        Proceedings, Conference, Durham, UK, March 18-22, 2002}",
      journal        = "J. Phys.",
      volume         = "G28",
      year           = "2002",
      pages          = "2693-2704",
      doi            = "10.1088/0954-3899/28/10/313",
      note           = "[,11(2002)], \href{https://doi.org/10.1088/0954-3899/28/10/313}{doi:10.1088/0954-3899/28/10/313}",
      SLACcitation   = "%%CITATION = JPAGA,G28,2693;%%"
}
@inproceedings{BSM,
      author         = "Rosenfeld, R.",
      title          = "{Physics Beyond the Standard Model}",
      booktitle      = "{Proceedings, 8th CERN--Latin-American School of
                        High-Energy Physics (CLASHEP2015): Ibarra, Ecuador, March
                        05-17, 2015}",
      url            = "https://inspirehep.net/record/1614174/files/arXiv:1708.00800.pdf",
      year           = "2016",
      pages          = "159-164",
      doi            = "10.5170/CERN-2016-005.159",
      note = {\href{http://dx.doi.org/10.5170/CERN-2016-005.159}{doi:10.5170/CERN-2016-005.159}},
      eprint         = "1708.00800",
      archivePrefix  = "arXiv",
      primaryClass   = "hep-ph",
      SLACcitation   = "%%CITATION = ARXIV:1708.00800;%%"
}
@article{CMSlayout,
      author         = "Sakuma, Tai and McCauley, Thomas",
      title          = "{Detector and Event Visualization with SketchUp at the
                        CMS Experiment}",
      booktitle      = "{Proceedings, 20th International Conference on Computing
                        in High Energy and Nuclear Physics (CHEP 2013): Amsterdam,
                        The Netherlands, October 14-18, 2013}",
      journal        = "J. Phys. Conf. Ser.",
      volume         = "513",
      year           = "2014",
      pages          = "022032",
      doi            = "10.1088/1742-6596/513/2/022032",
      note = {\href{http://dx.doi.org/10.1088/1742-6596/513/2/022032}{doi:10.1088/1742-6596/513/2/022032}},
      eprint         = "1311.4942",
      archivePrefix  = "arXiv",
      primaryClass   = "physics.ins-det",
      reportNumber   = "CMS-CR-2013-379, FERMILAB-CONF-13-592-CMS-WDRS,
                        CMS-CR-2013-379-",
      SLACcitation   = "%%CITATION = ARXIV:1311.4942;%%"
}
@book{CMSdet2,
author = {Spannagel, S.},
doi = {10.1007/978-3-319-58880-3},
file = {:Users/andres/Downloads/9783319588797-c2.pdf:pdf},
isbn = {9783319588803},
pages = {274},
publisher = {Springer},
title = {{CMS Pixel Detector Upgrade and Top Quark Pole Mass Determination}},
volume = {27},
year = {2017},
note = {\href{https://www.researchgate.net/publication/51965849_Top_Quark_Production_at_the_LHC}{doi:10.1007/978-3-319-58880-3}}
}
@article{L1T,
      author         = "Tapper, A. and Acosta, Darin",
      title          = "{CMS Technical Design Report for the Level-1 Trigger
                        Upgrade}",
      collaboration  = "CMS",
      year           = "2013",
      reportNumber   = "CERN-LHCC-2013-011, CMS-TDR-12, CMS-TDR-012",
      SLACcitation   = "%%CITATION = CERN-LHCC-2013-011;%%"
}
@misc{MuDet,
  title = {{Muon Detectors}},
  howpublished = {\url{http://cms.web.cern.ch/news/muon-detectors}},
  note = {Accessed: 2018-04-08}
}
@article{QCD,
      author         = "Wilczek, Frank",
      title          = "{QCD made simple}",
      journal        = "Phys. Today",
      volume         = "53N8",
      year           = "2000",
      pages          = "22-28",
      doi            = "10.1063/1.1310117",
      note         = {\href{https://physicstoday.scitation.org/doi/10.1063/1.1310117}{doi:10.1063/1.1310117}},
      SLACcitation   = "%%CITATION = PHTOA,53N8,22;%%"
}

